@misc{agh:crane,
    author = {Mariusz, Pauluk and Adam, Korytowski and Andrzej, Turnau and Maciej, Szymkat},
    title  = {Time optimal control of 3D crane}, 
    
    langid = {polish},
}

@misc{agh:vcpftop,
    author = {Maciej, Szymkat and Adam, Korytowski and Andrzej, Turnau},
    title  = {Variable control parametrization for time optimal problems}, 
    
    langid = {polish},
}



